@misc{seccamp19,
  author =        {},
  howpublished =
  {\url{https://www.ipa.go.jp/jinzai/camp/2019/zenkoku2019_index.html}},
  month =         {},
  note =          {(Accessed on 07/03/2019)},
  title =
  {セキュリティ・キャンプ全国大会2019　ホーム：IPA
  独立行政法人 情報処理推進機構},
  year =          {},
}

@misc{TheLLVM,
  author =        {},
  howpublished =  {\url{https://llvm.org/}},
  month =         {},
  note =          {(Accessed on 12/11/2019)},
  title =         {The LLVM Compiler Infrastructure Project},
  year =          {},
}

@book{av2009コンパイラ,
  author =        {AV エイホ},
  publisher =     {サイエンス社},
  title =         {コンパイラ: 原理・技法・ツール},
  year =          {2009},
}

@misc{ruicompilerbook,
  author =        {Rui Ueyama},
  howpublished =  {\url{https://www.sigbus.info/compilerbook}},
  month =         {},
  note =          {(Accessed on 12/11/2019)},
  title =
  {低レイヤを知りたい人のためのCコンパイラ作成入門},
  year =          {},
}

@article{guide2011intel,
  author =        {I. Intel},
  journal =       {Volume 3B: System programming Guide, Part},
  title =         {Intel{\textregistered} 64 and ia-32 architectures
                   software developer’s manual},
  volume =        {2},
  year =          {2011},
}

@misc{SystemV,
  author =        {},
  howpublished =
  {\url{http://www.sco.com/developers/gabi/latest/contents.html}},
  month =         {},
  note =          {(Accessed on 08/26/2019)},
  title =         {System V Application Binary Interface - DRAFT},
  year =          {},
}

@article{chaitin1981register,
  author =        {Chaitin, Gregory J and Auslander, Marc A and
                   Chandra, Ashok K and Cocke, John and
                   Hopkins, Martin E and Markstein, Peter W},
  journal =       {Computer languages},
  number =        {1},
  pages =         {47--57},
  publisher =     {Elsevier},
  title =         {Register allocation via coloring},
  volume =        {6},
  year =          {1981},
}

@inproceedings{poletto1997tcc,
  author =        {Poletto, Massimiliano and Engler, Dawson R and
                   Kaashoek, M Frans},
  booktitle =     {ACM SIGPLAN Notices},
  number =        {5},
  organization =  {ACM},
  pages =         {109--121},
  title =         {tcc: A system for fast, flexible, and high-level
                   dynamic code generation},
  volume =        {32},
  year =          {1997},
}

@article{wimmer2004linear,
  author =        {Wimmer, Christian},
  journal =       {Master's thesis, Johannes Kepler University Linz},
  title =         {Linear scan register allocation for the Java
                   HotSpotTM client compiler},
  year =          {2004},
}

@article{poletto1999linear,
  author =        {Poletto, Massimiliano and Sarkar, Vivek},
  journal =       {ACM Transactions on Programming Languages and Systems
                   (TOPLAS)},
  number =        {5},
  pages =         {895--913},
  publisher =     {ACM},
  title =         {Linear scan register allocation},
  volume =        {21},
  year =          {1999},
}

